<record><leader>00000cas a22000007a 4500</leader><controlfield tag="001">12982481</controlfield><controlfield tag="008">860106d18791985wiuwr ne      0    0eng d</controlfield><datafield ind1=" " ind2=" " tag="010"><subfield code="a">sn 86086047 </subfield></datafield><datafield ind1=" " ind2=" " tag="040"><subfield code="a">NPV</subfield><subfield code="b">eng</subfield><subfield code="c">NPV</subfield><subfield code="d">OCLCQ</subfield></datafield><datafield ind1=" " ind2=" " tag="042"><subfield code="a">msc</subfield></datafield><datafield ind1=" " ind2=" " tag="045"><subfield code="a">w7x8</subfield></datafield><datafield ind1=" " ind2=" " tag="052"><subfield code="a">4123</subfield><subfield code="b">B8</subfield><subfield code="b">P4</subfield></datafield><datafield ind1="0" ind2=" " tag="130"><subfield code="a">Buffalo County journal (Alma, Wis. : 1879)</subfield></datafield><datafield ind1="1" ind2="4" tag="245"><subfield code="a">The Buffalo County journal.</subfield></datafield><datafield ind1="1" ind2="3" tag="246"><subfield code="a">Pepin laker</subfield></datafield><datafield ind1=" " ind2=" " tag="260"><subfield code="a">Alma, Wis. :</subfield><subfield code="b">J.W. DeGroff,</subfield><subfield code="c">1879-1985.</subfield></datafield><datafield ind1=" " ind2=" " tag="300"><subfield code="a">v. :</subfield><subfield code="b">ill.</subfield></datafield><datafield ind1=" " ind2=" " tag="310"><subfield code="a">Weekly</subfield></datafield><datafield ind1="0" ind2=" " tag="362"><subfield code="a">Vol. 18, no. 32 (June 5, 1879)-v. 126, no. 24 (Nov. 28, 1985).</subfield></datafield><datafield ind1=" " ind2=" " tag="500"><subfield code="a">Publisher varies.</subfield></datafield><datafield ind1=" " ind2=" " tag="500"><subfield code="a">On masthead: "Continuing the Pepin Laker as part of the Buffalo County Journal." ; Vol. 121, no. 28 (Jan. 28, 1981)--v. 123, no. 47 (May 12, 1983).</subfield></datafield><datafield ind1=" " ind2=" " tag="500"><subfield code="a">Editors: J.W. DeGroff, June 5, 1879-Sept. 4, 1890; E.F. Cooper, May 4, 1944-May 17, 1945; C. &amp; V. Cronick, Aug. 2-Sept. 20, 1945; G.C. Rassbach, July 5, 1961-June 30, 1969; L.C. Purrington, July 7, 1960-Nov. 28, 1985.</subfield></datafield><datafield ind1=" " ind2=" " tag="525"><subfield code="a">Supplements accompany some issues.</subfield></datafield><datafield ind1=" " ind2=" " tag="530"><subfield code="a">Available on microfilm from The State Historical Society of Wisconsin.</subfield></datafield><datafield ind1=" " ind2=" " tag="752"><subfield code="a">United States</subfield><subfield code="b">Wisconsin</subfield><subfield code="c">Buffalo</subfield><subfield code="d">Alma.</subfield></datafield><datafield ind1=" " ind2=" " tag="752"><subfield code="a">United States</subfield><subfield code="b">Wisconsin</subfield><subfield code="c">Pepin</subfield><subfield code="d">Pepin.</subfield></datafield><datafield ind1="0" ind2="0" tag="780"><subfield code="t">Alma weekly express</subfield><subfield code="w">(DLC)sn 85033018</subfield></datafield><datafield ind1="0" ind2="0" tag="780"><subfield code="t">Pepin lake</subfield><subfield code="w">(DLC)sn 85041315</subfield></datafield><datafield ind1="0" ind2="0" tag="785"><subfield code="t">Buffalo-Pepin County journal</subfield><subfield code="w">(DLC)sn 86086046</subfield></datafield><datafield ind1="1" ind2=" " tag="029"><subfield code="a">AU@</subfield><subfield code="b">000025822641</subfield></datafield></record>